@book{reynolds2006ecology,
  title={The Ecology of Phytoplankton},
  author={Reynolds, C.S.},
  series={Ecology, Biodiversity and Conservation},
  url={https://books.google.it/books?id=gDz5jGsPWZYC},
  year={2006},
  publisher={Cambridge University Press}
}

@book{wiley2015compleat,
  title={The Compleat Cladist: A Primer of Phylogenetic Procedures},
  author={Wiley, E.O. and Siegel-Causey, D.},
  url={http://www.amnh.org/learn/pd/fish_2/pdf/compleat_cladist.pdf},
  year={1991},
}

@book{Lalli1997,
   title =     {Biological oceanography: an introduction},
   author =    {Carol Lalli, Timothy Parsons},
   publisher = {Butterworth-Heinemann},
   year =      {1997},
   series =    {},
   edition =   {2},
   volume =    {},
   url =       {http://gen.lib.rus.ec/book/index.php?md5=FD65482856258F69D291BB61248CFEF1}
}

@book{num_rec,
  title =     {Numerical recipes in Fortran 77: The Art of Scientific Computing},
  author =    {Press, William H. and Teukolsky, Saul A. and Vetterling and William T. and Flannery, Brian P.},
  publisher = {Cambridge University Press},
  year =      {1992},
  series =    {},
  edition =   {2},
  volume =    {},
  crossref={},
}

@book{gard-hand,
  title =     {Handbook of Stochastic Methods},
  author =    {Crispin W. Gardiner},
  publisher = {Springer},
  year =      {1985},
  series =    {},
  edition =   {2},
  volume =    {},
  crossref={},
}

@book{berg1993random,
  title={Random walks in biology},
  author={Berg, Howard C},
  year={1993},
  publisher={Princeton University Press}
}

@book{frisch,
  title={Turbulence: the legacy of AN Kolmogorov},
  author={Frisch, Uriel},
  year={1995},
  publisher={Cambridge university press}
}


@book{quarteroni2010numerical,
  title={Numerical mathematics},
  author={Quarteroni, Alfio and Sacco, Riccardo and Saleri, Fausto},
  volume={37},
  year={2010},
  publisher={Springer Science \& Business Media}
}

@book{hernandez2010chemical,
  title={Chemical and biological processes in fluid flows: a dynamical systems approach},
  author={n Neufeld, Zolt and others},
  year={2010},
  publisher={World Scientific}
}

@article{loreti2006teoria,
  title={Teoria degli errori e fondamenti di statistica},
  author={Loreti, Maurizio},
  journal={Decibel, Zanichelli},
  year={2006}
}

@misc{van1982album,
  title={An album of fluid motion},
  author={Van Dyke, Milton and White, Frank M},
  year={1982},
  publisher={American Society of Mechanical Engineers}
}
