@article{riebesell2002supply,
  title={Supply and uptake of inorganic nutrients},
  author={Riebesell, Ulf and Wolf-Gladrow, Dieter A},
  journal={Phytoplankton productivity: carbon assimilation in marine and freshwater ecosystems},
  pages={109--140},
  year={2002},
  publisher={Malden, Blackwell Science}
}

@article{riley1949quantitative,
  title={Quantitative ecology of the plankton of the western North Atlantic},
  author={Riley, Gordon Arthur},
  journal={Bull. Bingham Oceanogr. Collection},
  volume={12},
  pages={1--169},
  year={1949}
}

@article{borgnino2018gyrotactic,
  title={Gyrotactic swimmers in turbulence: shape effects and role of the large-scale flow},
  author={Borgnino, Matteo and Boffetta, Guido and De Lillo, Filippo and Cencini, Massimo},
  journal={Journal of Fluid Mechanics},
  volume={856},
  year={2018},
  publisher={Cambridge University Press}
}

@article{medrano2013coupling,
  title={Coupling hydrodynamics and buoyancy regulation in Microcystis aeruginosa for its vertical distribution in lakes},
  author={Medrano, E Aparicio and Uittenbogaard, RE and Pires, LM Dionisio and Van De Wiel, BJH and Clercx, HJH},
  journal={Ecological modelling},
  volume={248},
  pages={41--56},
  year={2013},
  publisher={Elsevier}
}

@article{visser1997modelling,
  title={Modelling vertical migration of the cyanobacterium Microcystis},
  author={Visser, Petra M and Passarge, Jutta and Mur, Luuc R},
  journal={Hydrobiologia},
  volume={349},
  number={1-3},
  pages={99--109},
  year={1997},
  publisher={Springer}
}

@article{howard1996new,
  title={A new simulation of cyanobacterial underwater movement (SCUM'96)},
  author={Howard, A and Irish, AE and Reynolds, CS},
  journal={Journal of Plankton Research},
  volume={18},
  number={8},
  pages={1375--1385},
  year={1996},
  publisher={Oxford University Press}
}
