@article{Wroblewski1976APatchiness,
    title = {{A spatial model of phytoplankton patchiness}},
    year = {1976},
    journal = {Marine Biology},
    author = {Wroblewski, J. S. and O'Brien, J. J.},
    doi = {10.1007/BF00390938},
    issn = {00253162}
}

@article{Behrenfeld2010AbandoningBlooms,
    title = {{Abandoning Sverdrup's Critical Depth Hypothesis on phytoplankton blooms}},
    year = {2010},
    journal = {Ecology},
    author = {Behrenfeld, Michael J.},
    number = {4},
    month = {4},
    pages = {977--989},
    volume = {91},
    publisher = {Wiley-Blackwell},
    url = {http://doi.wiley.com/10.1890/09-1207.1},
    doi = {10.1890/09-1207.1},
    issn = {0012-9658},
    keywords = {Critical Depth Hypothesis, North Atlantic, grazing, growth rates, phytoplankton blooms, remote sensing}
}

@article{Behrenfeld2010AbandoningBloomsb,
    title = {{Abandoning Sverdrup's Critical Depth Hypothesis on phytoplankton blooms}},
    year = {2010},
    journal = {Ecology},
    author = {Behrenfeld, Michael J.},
    number = {4},
    month = {4},
    pages = {977--989},
    volume = {91},
    publisher = {Wiley-Blackwell},
    url = {http://doi.wiley.com/10.1890/09-1207.1},
    doi = {10.1890/09-1207.1},
    issn = {0012-9658},
    keywords = {Critical Depth Hypothesis, North Atlantic, grazing, growth rates, phytoplankton blooms, remote sensing}
}

@article{Pegau1997AbsorptionSalinity,
    title = {{Absorption and attenuation of visible and near-infrared light in water: dependence on temperature and salinity}},
    year = {1997},
    journal = {Applied Optics},
    author = {Pegau, W. Scott and Gray, Deric and Zaneveld, J. Ronald V.},
    number = {24},
    month = {8},
    pages = {6035},
    volume = {36},
    publisher = {Optical Society of America},
    url = {https://www.osapublishing.org/abstract.cfm?URI=ao-36-24-6035},
    doi = {10.1364/AO.36.006035},
    issn = {0003-6935},
    keywords = {Absorption coefficient, Attenuation coefficient, Bidirectional reflectance distribution function, Near ultraviolet, Optical properties, Refractive index}
}

@article{Stoecker2009AcquiredProtists,
    title = {{Acquired phototrophy in aquatic protists}},
    year = {2009},
    journal = {Aquatic Microbial Ecology},
    author = {Stoecker, DK and Johnson, MD and deVargas, C and Not, F},
    number = {3},
    month = {11},
    pages = {279--310},
    volume = {57},
    url = {http://www.int-res.com/abstracts/ame/v57/n3/p279-310/},
    doi = {10.3354/ame01340},
    issn = {0948-3055},
    keywords = {Ciliates, Dinoflagellates, Endosymbiosis, Foraminifera, Karyoklepty, Kleptoplastidy, Mixotrophy, Myrionecta rubra, Radiolaria}
}

@article{Shigesada1981AnalysisWaters,
    title = {{Analysis of the self-shading effect on algal vertical distribution in natural waters}},
    year = {1981},
    journal = {Journal of Mathematical Biology},
    author = {Shigesada, Nanako and Okubo, Akira},
    url = {https://www.researchgate.net/publication/226151890}
}

@article{Visser2016ArtificialReview,
    title = {{Artificial mixing to control cyanobacterial blooms: a review}},
    year = {2016},
    journal = {Aquatic Ecology},
    author = {Visser, Petra M and Ibelings, Bas W and Bormans, Myriam and Huisman, Jef},
    number = {3},
    pages = {423--441},
    volume = {50},
    publisher = {Springer}
}

@article{Huisman1999BiodiversityChaos,
    title = {{Biodiversity of plankton by species oscillations and chaos}},
    year = {1999},
    journal = {Nature},
    author = {Huisman, Jef and Welssing, Franz J.},
    isbn = {0028-0836},
    doi = {10.1038/46540},
    issn = {00280836},
    pmid = {12345678}
}

@book{CarolLalli1997BiologicalIntroduction,
    title = {{Biological oceanography: an introduction}},
    year = {1997},
    author = {Carol Lalli, Timothy Parsons},
    edition = {2},
    series = {},
    volume = {},
    publisher = {Butterworth-Heinemann},
    url = {http://gen.lib.rus.ec/book/index.php?md5=FD65482856258F69D291BB61248CFEF1},
    isbn = {0750633840,9780750633840}
}

@article{Behrenfeld2005Carbon-basedSpace,
    title = {{Carbon-based ocean productivity and phytoplankton physiology from space}},
    year = {2005},
    journal = {Global Biogeochemical Cycles},
    author = {Behrenfeld, Michael J. and Boss, Emmanuel and Siegel, David A. and Shea, Donald M.},
    number = {1},
    month = {3},
    volume = {19},
    publisher = {John Wiley {\&} Sons, Ltd},
    url = {http://doi.wiley.com/10.1029/2004GB002299},
    doi = {10.1029/2004GB002299},
    issn = {08866236},
    keywords = {carbon, growth rates, phytoplankton, productivity, remote sensing}
}

@article{Huisman2004ChangesSpecies,
    title = {{Changes in turbulent mixing shift competition for light between phytoplankton species}},
    year = {2004},
    journal = {Ecology},
    author = {Huisman, Jef and Sharples, Jonathan and Stroom, Jasper M. and Visser, Petra M. and Kardinaal, W. Edwin A. and Verspagen, Jolanda M.H. and Sommeijer, Ben},
    isbn = {0012-9658},
    doi = {10.1890/03-0763},
    issn = {00129658},
    pmid = {24631152},
    arxivId = {arXiv:gr-qc/9809069v1},
    archivePrefix = {arXiv},
    eprint = {9809069v1},
    primaryClass = {gr-qc},
    keywords = {Competition model, Harmful algal blooms, Microcystis, Photosynthesis, P{\'{e}}clet number, Regime shift, Resource competition, Temperature microstructure, Turbulence}
}

@article{Behrenfeld2006Climate-drivenProductivity,
    title = {{Climate-driven trends in contemporary ocean productivity}},
    year = {2006},
    journal = {Nature},
    author = {Behrenfeld, Michael J. and O’Malley, Robert T. and Siegel, David A. and McClain, Charles R. and Sarmiento, Jorge L. and Feldman, Gene C. and Milligan, Allen J. and Falkowski, Paul G. and Letelier, Ricardo M. and Boss, Emmanuel S.},
    number = {7120},
    month = {12},
    pages = {752--755},
    volume = {444},
    publisher = {Nature Publishing Group},
    url = {http://www.nature.com/articles/nature05317},
    doi = {10.1038/nature05317},
    issn = {0028-0836}
}

@article{DeLong2006CommunityInterior,
    title = {{Community Genomics Among Stratified Microbial Assemblages in the Ocean's Interior}},
    year = {2006},
    journal = {Science},
    author = {DeLong, E. F. and Preston, Christina M and Mincer, Tracy and Rich, Virginia and Hallam, Steven J and Frigaard, Niels-Ulrik and Martinez, Asuncion and Sullivan, Matthew B and Edwards, Robert and Brito, Beltran Rodriguez and Chisholm, Sallie W and Karl, David M},
    number = {5760},
    month = {1},
    pages = {496--503},
    volume = {311},
    publisher = {American Association for the Advancement of Science},
    url = {http://www.ncbi.nlm.nih.gov/pubmed/16439655 http://www.sciencemag.org/cgi/doi/10.1126/science.1120250},
    doi = {10.1126/science.1120250},
    issn = {0036-8075},
    pmid = {16439655}
}

@article{Leon1975CompetitionResources,
    title = {{Competition between two species for two complementary or substitutable resources}},
    year = {1975},
    journal = {Journal of Theoretical Biology},
    author = {Le{\'{o}}n, Jesús Alberto and Tumpson, Daniel B.},
    number = {1},
    month = {3},
    pages = {185--201},
    volume = {50},
    publisher = {Academic Press},
    url = {https://www.sciencedirect.com/science/article/pii/0022519375900326},
    doi = {10.1016/0022-5193(75)90032-6},
    issn = {0022-5193}
}

@article{Ebert2001CriticalBlooms,
    title = {{Critical conditions for phytoplankton blooms}},
    year = {2001},
    journal = {Bulletin of Mathematical Biology},
    author = {Ebert, U. and Array{\'{a}}s, M. and Temme, N. and Sommeijer, B. and Huisman, J.},
    isbn = {0092-8240},
    doi = {10.1006/bulm.2001.0261},
    issn = {00928240},
    pmid = {11732178}
}

@article{Huisman1999CriticalBlooms,
    title = {{Critical depth and critical turbulence: Two different mechanisms for the development of phytoplankton blooms}},
    year = {1999},
    journal = {Limnology and Oceanography},
    author = {Huisman, Jef and Van Oostveen, Paul and Weissing, Franz J.},
    isbn = {00243590},
    doi = {10.4319/lo.1999.44.7.1781},
    issn = {00243590}
}

@article{Huisman1999CriticalBloomsb,
    title = {{Critical depth and critical turbulence: Two different mechanisms for the development of phytoplankton blooms}},
    year = {1999},
    journal = {Limnol. Oceanogr.},
    author = {Huisman, Jef and van Oostveen, Paul and Weissing, Franz J},
    number = {7},
    pages = {1781--1787},
    volume = {44},
    publisher = {American Society of Limnology and Oceanography, Inc.}
}

@article{Huisman1999CriticalBloomsc,
    title = {{Critical depth and critical turbulence: Two different mechanisms for the development of phytoplankton blooms}},
    year = {1999},
    journal = {Limnology and Oceanography},
    author = {Huisman, Jef and Van Oostveen, Paul and Weissing, Franz J.},
    isbn = {00243590},
    doi = {10.4319/lo.1999.44.7.1781},
    issn = {00243590}
}

@article{Mitra2016DefiningStrategies,
    title = {{Defining Planktonic Protist Functional Groups on Mechanisms for Energy and Nutrient Acquisition: Incorporation of Diverse Mixotrophic Strategies}},
    year = {2016},
    journal = {Protist},
    author = {Mitra, Aditee and Flynn, Kevin J. and Tillmann, Urban and Raven, John A. and Caron, David and Stoecker, Diane K. and Not, Fabrice and Hansen, Per J. and Hallegraeff, Gustaaf and Sanders, Robert and Wilken, Susanne and McManus, George and Johnson, Mathew and Pitta, Paraskevi and V{\aa}ge, Selina and Berge, Terje and Calbet, Albert and Thingstad, Frede and Jeong, Hae Jin and Burkholder, Jo Ann and Glibert, Patricia M. and Gran{\'{e}}li, Edna and Lundgren, Veronica},
    isbn = {1618-0941 (Electronic){\textbackslash}r1434-4610 (Linking)},
    doi = {10.1016/j.protis.2016.01.003},
    issn = {16180941},
    pmid = {26927496},
    arxivId = {arXiv:1011.1669v3},
    keywords = {Microzooplankton, Mixotroph, Phagotroph, Phototroph, Phytoplankton, Plankton functional types (PFTs)}
}

@article{Michaelis1913DieInvertinwirkung,
    title = {{Die kinetik der invertinwirkung}},
    year = {1913},
    journal = {Biochem},
    author = {Michaelis, L and Menten, M L}
}

@article{Brierley2014DielMigration,
    title = {{Diel vertical migration}},
    year = {2014},
    journal = {Current biology : CB},
    author = {Brierley, Andrew S.},
    isbn = {0065-2881 (Print){\textbackslash}n0065-2881 (Linking)},
    doi = {10.1016/j.cub.2014.08.054},
    issn = {18790445},
    pmid = {25458213}
}

@article{Crumpton1982EffectsMichigan.,
    title = {{Effects of differential growth and mortality in the seasonal succession of phytoplankton populations in Lawrence Lake, Michigan.}},
    year = {1982},
    journal = {Ecology},
    author = {Crumpton, W. G. and Wetzel, R. G.},
    isbn = {0017-8470},
    doi = {10.2307/1940115},
    issn = {00129658}
}

@article{Schumacher2001EvolutionFlow,
    title = {{Evolution of turbulent spots in a parallel shear flow}},
    year = {2001},
    journal = {Physical Review E - Statistical Physics, Plasmas, Fluids, and Related Interdisciplinary Topics},
    author = {Schumacher, Jörg and Eckhardt, Bruno},
    doi = {10.1103/PhysRevE.63.046307},
    issn = {1063651X},
    pmid = {11308945},
    arxivId = {nlin/0101010}
}

@article{Huisman2001FundamentalCompetition,
    title = {{Fundamental Unpredictability in Multispecies Competition}},
    year = {2001},
    journal = {The American Naturalist},
    author = {Huisman, Jef and Weissing, Franz J.},
    isbn = {0003-0147},
    doi = {10.1086/319929},
    issn = {0003-0147},
    pmid = {18707257}
}

@article{Beaugrand2018HowObservations,
    title = {{How Do Marine Pelagic Species Respond to Climate Change? Theories and Observations}},
    year = {2018},
    journal = {Annual Review of Marine Science},
    author = {Beaugrand, Grégory and Kirby, Richard R.},
    number = {1},
    month = {1},
    pages = {169--197},
    volume = {10},
    url = {http://www.annualreviews.org/doi/10.1146/annurev-marine-121916-063304},
    doi = {10.1146/annurev-marine-121916-063304},
    issn = {1941-1405}
}

@article{Huisman2002HowPersist,
    title = {{How Do Sinking Phytoplankton Species Manage to Persist?}},
    year = {2002},
    journal = {The American Naturalist},
    author = {Huisman, Jef and Array{\'{a}}s, Manuel and Ebert, Ute and Sommeijer, Ben},
    isbn = {0003-0147 ER},
    doi = {10.1086/338511},
    issn = {0003-0147},
    pmid = {18707377}
}

@article{Huisman2002HowPersistb,
    title = {{How do sinking phytoplankton species manage to persist?}},
    year = {2002},
    journal = {The American Naturalist},
    author = {Huisman, Jef and Array{\'{a}}s, Manuel and Ebert, Ute and Sommeijer, Ben},
    number = {3},
    pages = {245--254},
    volume = {159},
    publisher = {The University of Chicago Press}
}

@article{Hulot2004Hulot14241434,
    title = {{Hulot, Florence D., and Jef Huisman. Allelopathic interactions between phytoplankton species: The roles of heterotrophic bacteria and mixing intensity. Limnol. Oceanogr., 49(4, part 2), 2004, 1424–1434}},
    year = {2004},
    journal = {Limnol. Oceanogr},
    author = {Hulot, Florence D and Huisman, Jef},
    isbn = {0024-3590},
    doi = {10.4319/lo.2004.49.4{\_}part{\_}2.1424},
    issn = {00243590}
}

@article{Toschi2009LagrangianTurbulence,
    title = {{Lagrangian Properties of Particles in Turbulence}},
    year = {2009},
    journal = {Annual Review of Fluid Mechanics},
    author = {Toschi, Federico and Bodenschatz, Eberhard},
    number = {1},
    month = {1},
    pages = {375--404},
    volume = {41},
    publisher = { Annual Reviews },
    url = {http://www.annualreviews.org/doi/10.1146/annurev.fluid.010908.165210},
    doi = {10.1146/annurev.fluid.010908.165210},
    issn = {0066-4189},
    keywords = {anomalous scaling, dispersion, intermittency, mixing, particle tracking}
}

@article{Stomp2011Large-scalePhytoplankton,
    title = {{Large-scale biodiversity patterns in freshwater phytoplankton}},
    year = {2011},
    journal = {Ecology},
    author = {Stomp, Maayke and Huisman, Jef and Mittelbach, Gary G. and Litchman, Elena and Klausmeier, Christopher A.},
    isbn = {0012-9658},
    doi = {10.1890/10-1023.1},
    issn = {00129658},
    pmid = {22164834},
    arxivId = {arXiv:1011.1669v3},
    keywords = {Altitude, Biodiversity gradient, Climate change, Elevation, Lake, Latitude, Microbial diversity, Phytoplankton, Productivity, Species richness, Structural equation model, Temperature}
}

@article{Irigoien2005MarineReply,
    title = {{Marine ecology: Different measures of biodiversity (Reply)}},
    year = {2005},
    journal = {Nature},
    author = {Irigoien, Xabier and Huisman, Jef and Harris, Roger P.},
    isbn = {1476-4687 (Electronic)},
    doi = {10.1038/nature03321},
    issn = {00280836},
    pmid = {15674247}
}

@article{Sekerci2015MathematicalChange,
    title = {{Mathematical Modelling of Plankton–Oxygen Dynamics Under the Climate Change}},
    year = {2015},
    journal = {Bulletin of Mathematical Biology},
    author = {Sekerci, Yadigar and Petrovskii, Sergei},
    number = {12},
    month = {12},
    pages = {2325--2353},
    volume = {77},
    publisher = {Springer US},
    url = {http://link.springer.com/10.1007/s11538-015-0126-0},
    doi = {10.1007/s11538-015-0126-0},
    issn = {0092-8240}
}

@article{Huisman2002MaximalPhytoplankton,
    title = {{Maximal sustainable sinking velocity of phytoplankton}},
    year = {2002},
    journal = {Marine Ecology Progress Series},
    author = {Huisman, Jef and Sommeijer, Ben},
    isbn = {0171-8630},
    doi = {10.3354/meps244039},
    issn = {01718630},
    keywords = {Critical depth, Export production, Light limitation, Photosynthesis, Phytoplankton blooms, Turbulence}
}

@article{Mitra2010ModellingParts,
    title = {{Modelling mixotrophy in harmful algal blooms: More or less the sum of the parts?}},
    year = {2010},
    journal = {Journal of Marine Systems},
    author = {Mitra, Aditee and Flynn, Kevin J.},
    isbn = {09247963},
    doi = {10.1016/j.jmarsys.2010.04.006},
    issn = {09247963},
    keywords = {Dysfunctional model, Harmful algal bloom, Heterotroph, Kleptochloroplast, Mixotroph, Model skill, Phototroph, Predator-prey, Switching}
}

@misc{Bristow2017NutrientsOcean,
    title = {{Nutrients that limit growth in the ocean}},
    year = {2017},
    booktitle = {Current Biology},
    author = {Bristow, Laura A. and Mohr, Wiebke and Ahmerkamp, Soeren and Kuypers, Marcel M.M.},
    isbn = {0960-9822},
    doi = {10.1016/j.cub.2017.03.030},
    issn = {09609822},
    pmid = {28586682}
}

@article{Falkowski2012OceanPlankton,
    title = {{Ocean Science: The power of plankton}},
    year = {2012},
    journal = {Nature},
    author = {Falkowski, Paul},
    number = {7387},
    month = {3},
    pages = {S17-S20},
    volume = {483},
    url = {http://www.nature.com/articles/483S17a},
    doi = {10.1038/483S17a},
    issn = {0028-0836}
}

@article{Sverdrup1953OnPhytoplankton,
    title = {{On conditions for the vernal blooming of phytoplankton}},
    year = {1953},
    journal = {J. Cons. Int. Explor. Mer},
    author = {Sverdrup, H U},
    number = {3},
    pages = {287--295},
    volume = {18}
}

@article{Huisman2002OscillationsResources,
    title = {{Oscillations and chaos generated by competition for interactively essential resources}},
    year = {2002},
    journal = {Ecological Research},
    author = {Huisman, Jef and Weissing, Franz J.},
    number = {2},
    month = {3},
    pages = {175--181},
    volume = {17},
    publisher = {Springer-Verlag},
    url = {http://link.springer.com/10.1046/j.1440-1703.2002.00477.x},
    doi = {10.1046/j.1440-1703.2002.00477.x},
    issn = {0912-3814}
}

@inproceedings{Huisman2002OscillationsResourcesb,
    title = {{Oscillations and chaos generated by competition for interactively essential resources}},
    year = {2002},
    booktitle = {Ecological Research},
    author = {Huisman, Jef and Weissing, Franz J.},
    isbn = {0912-3814},
    doi = {10.1046/j.1440-1703.2002.00477.x},
    issn = {09123814},
    pmid = {6421},
    keywords = {Biodiversity, Chaos, Coexistence, Competition model, Resource competition}
}

@misc{Brierley2017Plankton,
    title = {{Plankton}},
    year = {2017},
    booktitle = {Current Biology},
    author = {Brierley, Andrew S.},
    isbn = {9780123744739},
    doi = {10.1016/j.cub.2017.02.045},
    issn = {09609822},
    pmid = {28586683}
}

@article{Huisman1999PopulationExperiments,
    title = {{Population dynamics of light-limited phytoplankton: Microcosm experiments}},
    year = {1999},
    journal = {Ecology},
    author = {Huisman, Jef},
    isbn = {0012-9658},
    doi = {10.1890/0012-9658(1999)080[0202:PDOLLP]2.0.CO;2},
    issn = {00129658},
    pmid = {1000},
    keywords = {Chemostat, Chlorella vulgaris, Critical light intensity, Light supply, Light-limited growth model, Mixing depth, Photosynthesis, Phytoplankton, Population density, Population dynamics}
}

@article{Huisman1999PopulationExperimentsb,
    title = {{Population dynamics of light-limited phytoplankton: Microcosm experiments}},
    year = {1999},
    journal = {Ecology},
    author = {Huisman, Jef},
    isbn = {0012-9658},
    doi = {10.1890/0012-9658(1999)080[0202:PDOLLP]2.0.CO;2},
    issn = {00129658},
    pmid = {1000},
    keywords = {Chemostat, Chlorella vulgaris, Critical light intensity, Light supply, Light-limited growth model, Mixing depth, Photosynthesis, Phytoplankton, Population density, Population dynamics}
}

@article{Huisman2002PopulationParameters,
    title = {{Population dynamics of sinking phytoplankton in light-limited environments: Simulation techniques and critical parameters}},
    year = {2002},
    journal = {Journal of Sea Research},
    author = {Huisman, Jef and Sommeijer, Ben},
    isbn = {1385-1101},
    doi = {10.1016/S1385-1101(02)00137-5},
    issn = {13851101},
    pmid = {16942840},
    keywords = {Computational fluid dynamics, Export production, Harmful algal blooms, Mixed-layer depth, Reaction-diffusion equation, Turbulence}
}

@article{Huisman2002PopulationParametersb,
    title = {{Population dynamics of sinking phytoplankton in light-limited environments: Simulation techniques and critical parameters}},
    year = {2002},
    journal = {Journal of Sea Research},
    author = {Huisman, Jef and Sommeijer, Ben},
    isbn = {1385-1101},
    doi = {10.1016/S1385-1101(02)00137-5},
    issn = {13851101},
    pmid = {16942840},
    keywords = {Computational fluid dynamics, Export production, Harmful algal blooms, Mixed-layer depth, Reaction-diffusion equation, Turbulence}
}

@article{Huisman2006ReducedMaximum,
    title = {{Reduced mixing generates oscillations and chaos in the oceanic deep chlorophyll maximum}},
    year = {2006},
    journal = {Nature},
    author = {Huisman, Jef and Pham Thi, Nga N. and Karl, David M. and Sommeijer, Ben},
    isbn = {0028-0836},
    doi = {10.1038/nature04245},
    issn = {14764687},
    pmid = {16421570}
}

@article{Taylor2011ShutdownBlooms,
    title = {{Shutdown of turbulent convection as a new criterion for the onset of spring phytoplankton blooms}},
    year = {2011},
    journal = {Limnology and Oceanography},
    author = {Taylor, John R and Ferrari, Raffaele},
    number = {6},
    pages = {2293--2307},
    volume = {56},
    publisher = {Wiley Online Library}
}

@article{Grover2017SinkPhytoplankton,
    title = {{Sink or swim? Vertical movement and nutrient storage in phytoplankton}},
    year = {2017},
    journal = {Journal of Theoretical Biology},
    author = {Grover, James P.},
    isbn = {1095-8541 (Electronic)0022-5193 (Linking)},
    doi = {10.1016/j.jtbi.2017.08.012},
    issn = {10958541},
    pmid = {28818466},
    keywords = {Resource competition, Resource storage, Spatial variation, Vertical migration, Water column}
}

@article{Huisman1999SpeciesLight,
    title = {{Species Dynamics in Phytoplankton Blooms: Incomplete Mixing and Competition for Light}},
    year = {1999},
    journal = {The American Naturalist},
    author = {Huisman, Jef and van Oostveen, Paul and Weissing, Franz J.},
    isbn = {0003-0147},
    doi = {10.1086/303220},
    issn = {0003-0147},
    pmid = {26230043}
}

@article{Huisman1999SpeciesLightb,
    title = {{Species Dynamics in Phytoplankton Blooms: Incomplete Mixing and Competition for Light}},
    year = {1999},
    journal = {The American Naturalist},
    author = {Huisman, Jef and van Oostveen, Paul and Weissing, Franz J},
    number = {1},
    pages = {46--68},
    volume = {54},
    publisher = {The University of Chicago Press}
}

@article{Huisman1999SpeciesLightc,
    title = {{Species Dynamics in Phytoplankton Blooms: Incomplete Mixing and Competition for Light}},
    year = {1999},
    journal = {The American Naturalist},
    author = {Huisman, Jef and van Oostveen, Paul and Weissing, Franz J.},
    isbn = {0003-0147},
    doi = {10.1086/303220},
    issn = {0003-0147},
    pmid = {26230043}
}

@book{Wiley1991TheProcedures,
    title = {{The Compleat Cladist: A Primer of Phylogenetic Procedures}},
    year = {1991},
    author = {Wiley, E O and Siegel-Causey, D},
    url = {http://www.amnh.org/learn/pd/fish_2/pdf/compleat_cladist.pdf}
}

@book{Reynolds2006ThePhytoplankton,
    title = {{The Ecology of Phytoplankton}},
    year = {2006},
    author = {Reynolds, C S},
    series = {Ecology, Biodiversity and Conservation},
    publisher = {Cambridge University Press},
    url = {https://books.google.it/books?id=gDz5jGsPWZYC},
    isbn = {9781139454896}
}

@article{Mahadevan2016ThePlankton,
    title = {{The Impact of Submesoscale Physics on Primary Productivity of Plankton}},
    year = {2016},
    journal = {Annual Review of Marine Science},
    author = {Mahadevan, Amala},
    isbn = {1941-1405},
    doi = {10.1146/annurev-marine-010814-015912},
    issn = {1941-1405},
    pmid = {26394203}
}

@article{Taylor2012Trade-offsWater,
    title = {{Trade-offs of chemotactic foraging in turbulent water}},
    year = {2012},
    journal = {Science},
    author = {Taylor, John R. and Stocker, Roman},
    isbn = {0036-8075},
    doi = {10.1126/science.1219417},
    issn = {10959203},
    pmid = {23118190},
    arxivId = {arXiv:1106.5958}
}

@article{Durham2013TurbulencePhytoplankton,
    title = {{Turbulence drives microscale patches of motile phytoplankton}},
    year = {2013},
    journal = {Nature Communications},
    author = {Durham, William M. and Climent, Eric and Barry, Michael and De Lillo, Filippo and Boffetta, Guido and Cencini, Massimo and Stocker, Roman},
    number = {1},
    month = {12},
    pages = {2148},
    volume = {4},
    publisher = {Nature Publishing Group},
    url = {http://www.nature.com/articles/ncomms3148},
    doi = {10.1038/ncomms3148},
    issn = {2041-1723},
    keywords = {Biooceanography, Cellular motility, Fluid dynamics, Physical oceanography}
}

@article{DeLillo2014TurbulentMicroorganisms,
    title = {{Turbulent Fluid Acceleration Generates Clusters of Gyrotactic Microorganisms}},
    year = {2014},
    journal = {Physical Review Letters},
    author = {De Lillo, Filippo and Cencini, Massimo and Durham, William M. and Barry, Michael and Stocker, Roman and Climent, Eric and Boffetta, Guido},
    number = {4},
    month = {1},
    pages = {044502},
    volume = {112},
    publisher = {American Physical Society},
    url = {https://link.aps.org/doi/10.1103/PhysRevLett.112.044502},
    doi = {10.1103/PhysRevLett.112.044502},
    issn = {0031-9007}
}

@misc{Taylor2016TurbulentEddy,
    title = {{Turbulent mixing, restratification, and phytoplankton growth at a submesoscale eddy}},
    year = {2016},
    booktitle = {Geophysical Research Letters},
    author = {Taylor, J. R.},
    isbn = {0094-8276},
    doi = {10.1002/2016GL069106},
    issn = {19448007},
    keywords = {phytoplankton, submesoscales, turbulence}
}